%YAML 1.1
%TAG !u! tag:unity3d.com,2011:
--- !u!1 &2684295660962542475
GameObject:
  m_ObjectHideFlags: 0
  m_CorrespondingSourceObject: {fileID: 0}
  m_PrefabInstance: {fileID: 0}
  m_PrefabAsset: {fileID: 0}
  serializedVersion: 6
  m_Component:
  - component: {fileID: 8980734986292043534}
  m_Layer: 13
  m_Name: ShotSpawn
  m_TagString: Untagged
  m_Icon: {fileID: 0}
  m_NavMeshLayer: 0
  m_StaticEditorFlags: 0
  m_IsActive: 1
--- !u!4 &8980734986292043534
Transform:
  m_ObjectHideFlags: 0
  m_CorrespondingSourceObject: {fileID: 0}
  m_PrefabInstance: {fileID: 0}
  m_PrefabAsset: {fileID: 0}
  m_GameObject: {fileID: 2684295660962542475}
  m_LocalRotation: {x: 0, y: 0, z: 0, w: 1}
  m_LocalPosition: {x: 0, y: 0, z: -1.3}
  m_LocalScale: {x: 1, y: 1, z: 1}
  m_Children: []
  m_Father: {fileID: 5359878014466730252}
  m_RootOrder: 0
  m_LocalEulerAnglesHint: {x: 0, y: 0, z: 0}
--- !u!1 &5359878014466307370
GameObject:
  m_ObjectHideFlags: 0
  m_CorrespondingSourceObject: {fileID: 0}
  m_PrefabInstance: {fileID: 0}
  m_PrefabAsset: {fileID: 0}
  serializedVersion: 6
  m_Component:
  - component: {fileID: 5359878014466730250}
  - component: {fileID: 5359878014463338792}
  - component: {fileID: 5359878014464306152}
  m_Layer: 13
  m_Name: Cylinder
  m_TagString: Untagged
  m_Icon: {fileID: 0}
  m_NavMeshLayer: 0
  m_StaticEditorFlags: 0
  m_IsActive: 1
--- !u!4 &5359878014466730250
Transform:
  m_ObjectHideFlags: 0
  m_CorrespondingSourceObject: {fileID: 0}
  m_PrefabInstance: {fileID: 0}
  m_PrefabAsset: {fileID: 0}
  m_GameObject: {fileID: 5359878014466307370}
  m_LocalRotation: {x: -0.7071068, y: -0, z: -0, w: 0.7071067}
  m_LocalPosition: {x: 0, y: 1.6221844, z: 0}
  m_LocalScale: {x: 156.04648, y: 156.04646, z: 28.770754}
  m_Children: []
  m_Father: {fileID: 2417875051804969948}
  m_RootOrder: 0
  m_LocalEulerAnglesHint: {x: 0, y: 0, z: 0}
--- !u!33 &5359878014463338792
MeshFilter:
  m_ObjectHideFlags: 0
  m_CorrespondingSourceObject: {fileID: 0}
  m_PrefabInstance: {fileID: 0}
  m_PrefabAsset: {fileID: 0}
  m_GameObject: {fileID: 5359878014466307370}
  m_Mesh: {fileID: 4300000, guid: 6c287747fc09caf4b89dceda8f48c8f5, type: 3}
--- !u!23 &5359878014464306152
MeshRenderer:
  m_ObjectHideFlags: 0
  m_CorrespondingSourceObject: {fileID: 0}
  m_PrefabInstance: {fileID: 0}
  m_PrefabAsset: {fileID: 0}
  m_GameObject: {fileID: 5359878014466307370}
  m_Enabled: 1
  m_CastShadows: 1
  m_ReceiveShadows: 1
  m_DynamicOccludee: 1
  m_MotionVectors: 1
  m_LightProbeUsage: 1
  m_ReflectionProbeUsage: 1
  m_RayTracingMode: 2
  m_RenderingLayerMask: 1
  m_RendererPriority: 0
  m_Materials:
  - {fileID: 2100000, guid: 90749ea20b5d5d748af5516812afcc6c, type: 2}
  - {fileID: 2100000, guid: aad22e725dc281d49a6071e028c58ab5, type: 2}
  - {fileID: 2100000, guid: c0cb1905adb0ede4798224e2e57be7ac, type: 2}
  - {fileID: 2100000, guid: 14d183f65394ce844a1cae4edde9591d, type: 2}
  m_StaticBatchInfo:
    firstSubMesh: 0
    subMeshCount: 0
  m_StaticBatchRoot: {fileID: 0}
  m_ProbeAnchor: {fileID: 0}
  m_LightProbeVolumeOverride: {fileID: 0}
  m_ScaleInLightmap: 1
  m_ReceiveGI: 1
  m_PreserveUVs: 0
  m_IgnoreNormalsForChartDetection: 0
  m_ImportantGI: 0
  m_StitchLightmapSeams: 1
  m_SelectedEditorRenderState: 3
  m_MinimumChartSize: 4
  m_AutoUVMaxDistance: 0.5
  m_AutoUVMaxAngle: 89
  m_LightmapParameters: {fileID: 0}
  m_SortingLayerID: 0
  m_SortingLayer: 0
  m_SortingOrder: 0
--- !u!1 &5359878014466307372
GameObject:
  m_ObjectHideFlags: 0
  m_CorrespondingSourceObject: {fileID: 0}
  m_PrefabInstance: {fileID: 0}
  m_PrefabAsset: {fileID: 0}
  serializedVersion: 6
  m_Component:
  - component: {fileID: 5359878014466730252}
  - component: {fileID: 3613861239557732003}
  - component: {fileID: 1410224262298506437}
  - component: {fileID: 8303296601828637372}
  - component: {fileID: 7521650109822595934}
  m_Layer: 13
  m_Name: EnemyShip
  m_TagString: Enemy
  m_Icon: {fileID: 0}
  m_NavMeshLayer: 0
  m_StaticEditorFlags: 0
  m_IsActive: 1
--- !u!4 &5359878014466730252
Transform:
  m_ObjectHideFlags: 0
  m_CorrespondingSourceObject: {fileID: 0}
  m_PrefabInstance: {fileID: 0}
  m_PrefabAsset: {fileID: 0}
  m_GameObject: {fileID: 5359878014466307372}
  m_LocalRotation: {x: 0, y: 0, z: 0, w: 1}
  m_LocalPosition: {x: 0, y: 0, z: 0}
  m_LocalScale: {x: 1, y: 1, z: 1}
  m_Children:
  - {fileID: 8980734986292043534}
  - {fileID: 2417875051804969948}
  m_Father: {fileID: 0}
  m_RootOrder: 0
  m_LocalEulerAnglesHint: {x: 0, y: 0, z: 0}
--- !u!65 &3613861239557732003
BoxCollider:
  m_ObjectHideFlags: 0
  m_CorrespondingSourceObject: {fileID: 0}
  m_PrefabInstance: {fileID: 0}
  m_PrefabAsset: {fileID: 0}
  m_GameObject: {fileID: 5359878014466307372}
  m_Material: {fileID: 0}
  m_IsTrigger: 1
  m_Enabled: 1
  serializedVersion: 2
  m_Size: {x: 2.4, y: 1.2, z: 3}
  m_Center: {x: 0, y: 0, z: 0}
--- !u!54 &1410224262298506437
Rigidbody:
  m_ObjectHideFlags: 0
  m_CorrespondingSourceObject: {fileID: 0}
  m_PrefabInstance: {fileID: 0}
  m_PrefabAsset: {fileID: 0}
  m_GameObject: {fileID: 5359878014466307372}
  serializedVersion: 2
  m_Mass: 1
  m_Drag: 0
  m_AngularDrag: 0.05
  m_UseGravity: 1
  m_IsKinematic: 1
  m_Interpolate: 0
  m_Constraints: 0
  m_CollisionDetection: 0
--- !u!114 &8303296601828637372
MonoBehaviour:
  m_ObjectHideFlags: 0
  m_CorrespondingSourceObject: {fileID: 0}
  m_PrefabInstance: {fileID: 0}
  m_PrefabAsset: {fileID: 0}
  m_GameObject: {fileID: 5359878014466307372}
  m_Enabled: 1
  m_EditorHideFlags: 0
  m_Script: {fileID: 11500000, guid: 43ea0c4c151a37149b937ff269399394, type: 3}
  m_Name: 
  m_EditorClassIdentifier: 
  HP: 2
  explosionParticle: {fileID: 7583358790364579593, guid: ca3d929bd1c38984591762293780a581,
    type: 3}
  bulletPattern: {fileID: 3195748523405391356, guid: c7abd7b91e7404547b51afb86fedced9,
    type: 3}
  listOfShotSpawn:
  - {fileID: 8980734986292043534}
  ShotSpeed: 0.75
  shotContainer: {fileID: 0}
  playerBulletTag: PlayerBullet
  shipSpeed: 0
  canShoot: 0
  dropTable: {fileID: 7521650109822595934}
--- !u!114 &7521650109822595934
MonoBehaviour:
  m_ObjectHideFlags: 0
  m_CorrespondingSourceObject: {fileID: 0}
  m_PrefabInstance: {fileID: 0}
  m_PrefabAsset: {fileID: 0}
  m_GameObject: {fileID: 5359878014466307372}
  m_Enabled: 1
  m_EditorHideFlags: 0
  m_Script: {fileID: 11500000, guid: 5cf7352e3805fed46a7ce87d3b978d94, type: 3}
  m_Name: 
  m_EditorClassIdentifier: 
  listOfDrops:
  - type: 3
    percentage: 70
    drop: {fileID: 0}
  - type: 0
    percentage: 10
    drop: {fileID: 2689011666950523686, guid: e95f07ac537acbd42be3fef122e1fc05, type: 3}
  - type: 1
    percentage: 10
    drop: {fileID: 2357819866344009942, guid: 112260dd0f632d841b6b4377d0efeebb, type: 3}
  - type: 2
    percentage: 10
    drop: {fileID: 2274078564280250279, guid: ce8dc8615a776934eb65467a824a6b7a, type: 3}
--- !u!1 &8572857678861933276
GameObject:
  m_ObjectHideFlags: 0
  m_CorrespondingSourceObject: {fileID: 0}
  m_PrefabInstance: {fileID: 0}
  m_PrefabAsset: {fileID: 0}
  serializedVersion: 6
  m_Component:
  - component: {fileID: 2417875051804969948}
  m_Layer: 13
  m_Name: GFX
  m_TagString: Untagged
  m_Icon: {fileID: 0}
  m_NavMeshLayer: 0
  m_StaticEditorFlags: 0
  m_IsActive: 1
--- !u!4 &2417875051804969948
Transform:
  m_ObjectHideFlags: 0
  m_CorrespondingSourceObject: {fileID: 0}
  m_PrefabInstance: {fileID: 0}
  m_PrefabAsset: {fileID: 0}
  m_GameObject: {fileID: 8572857678861933276}
  m_LocalRotation: {x: 0, y: -0.7071068, z: 0, w: 0.7071068}
  m_LocalPosition: {x: 0, y: 0, z: 0}
  m_LocalScale: {x: 0.2, y: 0.2, z: 0.2}
  m_Children:
  - {fileID: 5359878014466730250}
  m_Father: {fileID: 5359878014466730252}
  m_RootOrder: 1
  m_LocalEulerAnglesHint: {x: 0, y: -90, z: 0}
